@book{クワインa,
    author = "W.V.O. クワイン",
    note = "大出晃・藤村龍雄 訳",
    title = "集合論とその論理",
    publisher = "岩波書店",
    year = 1968 }

@book{クワインb,
    author = "W.V.O. クワイン",
    note = "中村秀吉・大森荘蔵・藤村龍雄 訳",
    title = "論理学の方法",
    publisher = "岩波書店",
    year = 1978 }

@book{清水,
    author = "清水 義夫",
    note = "",
    title = "記号論理学",
    publisher = "東京大学出版会",
    year = 1984 }

@book{レイノルズ,
  title={オペラント心理学入門: 行動分析への道},
  author={G.S. レイノルズ},
  note ={浅野俊夫 訳},
  isbn={9784781900438},
  url={https://books.google.co.jp/books?id=FaEJaAEACAAJ},
  year={1978},
  publisher={サイエンス社}
}

@incollection{Quine,
    title={Whither physical objects?},
    author={Quine, Willard},
    booktitle={Essays in memory of imre lakatos},
    pages={497--504},
    year={1976},
    publisher={Springer}
}

@article{Lewis,
    title={Causation},
    author={Lewis, David},
    journal={The journal of philosophy},
    volume={70},
    number={17},
    pages={556--567},
    year={1974}
}

@article{長谷川,
    title={スキナー以後の心理学 (23) 言語行動, ルール支配行動, 関係フレーム理論},
    author={長谷川芳典},
    journal={岡山大学文学部紀要},
    volume={64},
    pages={1--30},
    year={2015},
    publisher={岡山大学文学部}
}
